@phdthesis{maxwell,
  author       = {James Davis Maxwell}, 
  title        = {Probing Proton Spin Structure: a Measurement of g$_{2}$ at Four-momentum Transfer of $2$ to $6$ GeV$^{2}$},
  school       = {University of Virginia},
  year         = 2011,
  month        = December,
}

@phdthesis{mellor,
  author       = {Mellor}, 
  title        = {Something with regards to Sim},
  school       = {University of Virginia},
  year         = 2011,
  month        = December,
}

@unpublished{jay,
  author       = {Jaylin Yost}, 
  title        = {Simulation of Irradiation of Ammonia?},
  year         = 2019,
  month        = May,
}

@book{nuke,
  author    = "Bogdan Pohv and Klaus Rith and Christoph Scholz and Frank Zetsche and Werner Rodejohann", 
  title     = {Particle and Nuclei: An Introduction to the Physical Concepts},
  publisher = {Springer Berlin Heidelberg},
  year      = 2015,
  edition   = 7,
  isbn      = {3662463202},
}

@book{HT,
  author    = "Yunus A. Cengel", 
  title     = {Heat Transfer: A Practicle Approach},
  publisher = {McGraw-Hill},
  year      = 1998,
  edition   = 2,
  isbn      = {245893},
}

@misc{winans,
  author       = {Kathrine Winans}, 
  howpublished = {Private Communication},
  month        = Febuary,
  year         = 2019
}
@misc{karl,
  author       = {Karl Slifer}, 
  howpublished = {Private Communication},
  month        = September,
  year         = 2019
}


@misc{ellie,
  author       = {Ellena Long}, 
  howpublished = {Private Communication},
  month        = April,
  year         = 2019
}


@unpublished{oscar,
  author       = {Ùè∞äOscar A. Rondon}, 
  title        = {Density of Ammonia at the Boiling Point of Nitrogen},
  month        = May,
  year         = 1993
}

@unpublished{cf,
  author = "David Aliaga and Pablo Bunout and Christian Romero and Hayk Hakobyan and Romain Gers and Rodolfo Feick and Karl Slifer and William Brooks",
  title= {Temperature-controlled crystal formation with a new prototype cryogenic device: experimental set up and simulations},
  month = December,
  year = 2018,
}

